<?xml version="1.0" encoding="utf-8"?>
<record xmlns="http://www.loc.gov/MARC21/slim" xmlns:xsi="http://www.w3.org/2001/XMLSchema-instance" xsi:schemaLocation="http://www.loc.gov/MARC21/slim http://www.loc.gov/standards/marcxml/schema/MARC21slim.xsd">
	<leader>     nam a22     Mi 4500</leader>
	<controlfield tag="001">b12303859</controlfield>
	<controlfield tag="003">UaCaAUL</controlfield>
	<controlfield tag="006">m        d        </controlfield>
	<controlfield tag="007">cr cn |||m|||a</controlfield>
	<controlfield tag="008">200214s1926    ua      obd   000 0 ara d</controlfield>
	<datafield ind1=" " ind2=" " tag="040">
		<subfield code="a">ZYU</subfield>
		<subfield code="b">ara</subfield>
		<subfield code="e">rda</subfield>
		<subfield code="c">ZYU</subfield>
	</datafield>
	<datafield ind1="1" ind2="4" tag="050">
		<subfield code="a">PJ6620</subfield>
		<subfield code="b">.F3 1926</subfield>
	</datafield>
	<datafield ind1="1" ind2=" " tag="100">
		<subfield code="6">880-01</subfield>
		<subfield code="a">Fayyūmī, Aḥmad ibn Muḥammad,</subfield>
		<subfield code="d">-approximately 1368.</subfield>
	</datafield>
	<datafield ind1="1" ind2="0" tag="240">
		<subfield code="6">880-02</subfield>
		<subfield code="a">Miṣbāḥ al-munīr</subfield>
	</datafield>
	<datafield ind1="1" ind2="0" tag="245">
		<subfield code="6">880-03</subfield>
		<subfield code="a">Kitāb al-miṣbāḥ al-munīr fī gharīb al-sharḥ al-kabīr lil-Rāfiʻī /</subfield>
		<subfield code="c">taʼlīf al-ʻālim al-ʻallāmah Aḥmad ibn Muḥammad ibn ʻAlī al-Muqrī al-Fayyūmī, al-mutawaffá sanat 770 Hijrīyah.</subfield>
	</datafield>
	<datafield ind1=" " ind2=" " tag="250">
		<subfield code="6">880-04</subfield>
		<subfield code="a">al-Ṭabʻah al-sādisah.</subfield>
	</datafield>
	<datafield ind1=" " ind2="1" tag="264">
		<subfield code="6">880-05</subfield>
		<subfield code="a">al-Qāhirah :</subfield>
		<subfield code="b">bi-al-Maṭbaʻah al-Amīrīyah bi-al-Qāhirah,</subfield>
		<subfield code="c">1926.</subfield>
	</datafield>
	<datafield ind1=" " ind2=" " tag="300">
		<subfield code="a">online resource (2 volumes in 1)</subfield>
	</datafield>
	<datafield ind1=" " ind2=" " tag="336">
		<subfield code="a">text</subfield>
		<subfield code="2">rdacontent</subfield>
	</datafield>
	<datafield ind1=" " ind2=" " tag="337">
		<subfield code="a">computer</subfield>
		<subfield code="2">rdamedia</subfield>
	</datafield>
	<datafield ind1=" " ind2=" " tag="338">
		<subfield code="a">online resource</subfield>
		<subfield code="2">rdacarrier</subfield>
	</datafield>
	<datafield ind1=" " ind2=" " tag="500">
		<subfield code="a">A dictionary based on the vocabulary used by Rāfiʻī in his commentary, entitled Fatḥ al-ʻAzīz on Ghazzālī's al-Wajīz.</subfield>
	</datafield>
	<datafield ind1=" " ind2=" " tag="500">
		<subfield code="6">880-06</subfield>
		<subfield code="a">Qarrarat Wizārat al-Maʻārif al-ʻUmumiyah ṭabʻ hādhā al-kitāb ʻalá nafaqatihā wa-istiʻmālihi bi-al-Madāris al-Amīrīyah wa-qadd ṣaḥḥaḥahu al-maghfūr la-hu al-ustādh al-shaykh Ḥamzah Fatḥ Allāh, al-mufattish al-awwal lil-lughah al-ʻArabīyah bi-Wizārat al-Maʻārif al-ʻUmūmīyah, thumma rājaʻahu al-shaykh Muḥammad Ḥasanayn al-Ghamrāwī bik al-mufattish al-awwal lil-lughah al-ʻArabīyah bi-al-Wizārah, wa-nafaḥahu wa-ḥadhafa minhu mā lā yulāʼim talāmīdh al-madāris.</subfield>
	</datafield>
	<datafield ind1=" " ind2=" " tag="500">
		<subfield code="6">880-07</subfield>
		<subfield code="a">Ḥuqūq al-ṭabʻ maḥfūẓah li-Wizārat al-Maʻārif al-ʻUmūmīyah.</subfield>
	</datafield>
	<datafield ind1=" " ind2=" " tag="500">
		<subfield code="a">Part of the Arabic Collections Online (ACO) project, contributed by American University in Cairo Library.</subfield>
	</datafield>
	<datafield ind1=" " ind2=" " tag="504">
		<subfield code="a">Includes bibliographical references.</subfield>
	</datafield>
	<datafield ind1=" " ind2=" " tag="533">
		<subfield code="a">Electronic reproduction.</subfield>
		<subfield code="b">New York, N.Y. :</subfield>
		<subfield code="c">New York University,</subfield>
		<subfield code="d">2020.</subfield>
		<subfield code="5">NNU</subfield>
	</datafield>
	<datafield ind1="1" ind2="0" tag="600">
		<subfield code="6">880-08</subfield>
		<subfield code="a">Rāfiʻī, ʻAbd al-Karīm ibn Muḥammad,</subfield>
		<subfield code="d">1162-1226.</subfield>
		<subfield code="t">Fatḥ al-ʻAzīz.</subfield>
	</datafield>
	<datafield ind1="1" ind2="0" tag="600">
		<subfield code="a">Rāfiʻī, ʻAbd al-Karīm ibn Muḥammad,</subfield>
		<subfield code="d">1162-1226</subfield>
		<subfield code="v">Dictionaries.</subfield>
	</datafield>
	<datafield ind1="1" ind2="7" tag="600">
		<subfield code="a">Rāfiʻī, ʻAbd al-Karīm ibn Muḥammad,</subfield>
		<subfield code="d">1162-1226.</subfield>
		<subfield code="2">fast</subfield>
		<subfield code="0">(OCoLC)fst00248600</subfield>
	</datafield>
	<datafield ind1=" " ind2="0" tag="650">
		<subfield code="a">Arabic language</subfield>
		<subfield code="v">Dictionaries.</subfield>
	</datafield>
	<datafield ind1=" " ind2="0" tag="650">
		<subfield code="a">Islamic law</subfield>
		<subfield code="v">Dictionaries</subfield>
		<subfield code="x">Arabic</subfield>
		<subfield code="v">Early works to 1800.</subfield>
	</datafield>
	<datafield ind1=" " ind2="7" tag="650">
		<subfield code="a">Arabic language.</subfield>
		<subfield code="2">fast</subfield>
		<subfield code="0">(OCoLC)fst00812287</subfield>
	</datafield>
	<datafield ind1=" " ind2="7" tag="650">
		<subfield code="a">Islamic law.</subfield>
		<subfield code="2">fast</subfield>
		<subfield code="0">(OCoLC)fst00979949</subfield>
	</datafield>
	<datafield ind1=" " ind2="7" tag="655">
		<subfield code="a">Dictionaries.</subfield>
		<subfield code="2">fast</subfield>
		<subfield code="0">(OCoLC)fst01423826</subfield>
	</datafield>
	<datafield ind1=" " ind2="7" tag="655">
		<subfield code="a">Early works.</subfield>
		<subfield code="2">fast</subfield>
		<subfield code="0">(OCoLC)fst01411636</subfield>
	</datafield>
	<datafield ind1="1" ind2=" " tag="700">
		<subfield code="6">880-09</subfield>
		<subfield code="a">Rāfiʻī, ʻAbd al-Karīm ibn Muḥammad,</subfield>
		<subfield code="d">1162-1226.</subfield>
		<subfield code="t">Fatḥ al-ʻAzīz.</subfield>
	</datafield>
	<datafield ind1="1" ind2=" " tag="710">
		<subfield code="6">880-10</subfield>
		<subfield code="a">Egypt.</subfield>
		<subfield code="b">Wizārat al-Maʻārif al-ʻUmūmīyah.</subfield>
	</datafield>
	<datafield ind1="2" ind2=" " tag="710">
		<subfield code="a">American University in Cairo.</subfield>
		<subfield code="b">Library.</subfield>
	</datafield>
	<datafield ind1="0" ind2=" " tag="730">
		<subfield code="a">Arabic Collections Online.</subfield>
	</datafield>
	<datafield ind1="0" ind2="8" tag="776">
		<subfield code="i">Print version:</subfield>
		<subfield code="a">Fayyūmī, Aḥmad ibn Muḥammad, -approximately 1368.</subfield>
		<subfield code="t">Kitāb al-miṣbāḥ al-munīr fī gharīb al-sharḥ al-kabīr lil-Rāfiʻī</subfield>
		<subfield code="w">(UaCaAUL)b12303859</subfield>
		<subfield code="w">(OCoLC)60506268</subfield>
	</datafield>
	<datafield ind1="4" ind2="0" tag="856">
		<subfield code="u">http://hdl.handle.net/2333.1/4b8gtt7c</subfield>
	</datafield>
	<datafield ind1="1" ind2=" " tag="880">
		<subfield code="6">100-01</subfield>
		<subfield code="a">فيومي، أحمد بن محمد،</subfield>
		<subfield code="d">approximately 1368.</subfield>
	</datafield>
	<datafield ind1="1" ind2="0" tag="880">
		<subfield code="6">240-02</subfield>
		<subfield code="a">مصباح المنير</subfield>
	</datafield>
	<datafield ind1="1" ind2="0" tag="880">
		<subfield code="6">245-03</subfield>
		<subfield code="a">كتاب المصباح المنير في غريب الشرح الكبير للرافعي /</subfield>
		<subfield code="c">تأليف العالم العلامة أحمد بن محمد بن علي المقري الفيومي، المتوفى سنة 770 هجرية.</subfield>
	</datafield>
	<datafield ind1=" " ind2=" " tag="880">
		<subfield code="6">250-04</subfield>
		<subfield code="a">الطبعة السادسة.</subfield>
	</datafield>
	<datafield ind1=" " ind2="1" tag="880">
		<subfield code="6">264-05</subfield>
		<subfield code="a">القاهرة :</subfield>
		<subfield code="b">بالمطبعة الأميرية بالقاهرة،</subfield>
		<subfield code="c">1926.</subfield>
	</datafield>
	<datafield ind1=" " ind2=" " tag="880">
		<subfield code="6">500-06</subfield>
		<subfield code="a">قررة وزارة المعارف العممية طبع هذه الكتاب على نفقتها واستعمال بالمدارس الاميرية وقد صححه المغفور له الستاذ الشيخ حمزة فتح الله، المفتش الاول لللغة العربية بوزارة المعارف العمومية، ثم راجعه الشيخ محمد حسنين الغمراوي بك المفتش الاول لللغة العربية بالوزارة، ونفحه وحذف منه ما لا يلائم تلاميذ المدارس.</subfield>
	</datafield>
	<datafield ind1=" " ind2=" " tag="880">
		<subfield code="6">500-07</subfield>
		<subfield code="a">حقوق الطبع محفوظة لوزارة المعارف العمومية.</subfield>
	</datafield>
	<datafield ind1="1" ind2="4" tag="880">
		<subfield code="6">600-08</subfield>
		<subfield code="a">رافعى، عبدالكريم بن محمد،,</subfield>
		<subfield code="d">1226-1162.</subfield>
		<subfield code="t">فتح العزيز.</subfield>
	</datafield>
	<datafield ind1="1" ind2=" " tag="880">
		<subfield code="6">700-09</subfield>
		<subfield code="a">رافعى، عبدالكريم بن محمد،,</subfield>
		<subfield code="d">1226-1162.</subfield>
		<subfield code="t">فتح العزيز.</subfield>
	</datafield>
	<datafield ind1="1" ind2=" " tag="880">
		<subfield code="6">710-10</subfield>
		<subfield code="a">مصر.</subfield>
		<subfield code="b">وزارة المعارف العمومية.</subfield>
	</datafield>
	<datafield ind1=" " ind2=" " tag="959">
		<subfield code="a">NNU</subfield>
		<subfield code="b">WEB</subfield>
		<subfield code="c">GENI</subfield>
		<subfield code="t">0</subfield>
		<subfield code="m">Electronic access</subfield>
		<subfield code="s">01</subfield>
	</datafield>
	<datafield ind1=" " ind2=" " tag="999">
		<subfield code="i">UaCaAUL_b12303859</subfield>
		<subfield code="o">(OCoLC)ocm60506268</subfield>
		<subfield code="s">auc_aco001050:2v. In 1</subfield>
		<subfield code="s">auc_aco001050:2v. In 1</subfield>
	</datafield>
</record>
